@article {AK,
    AUTHOR = {Aschbacher, Michael and Kleidman, Peter B.},
     TITLE = {On a conjecture of {Q}uillen and a lemma of {R}obinson},
   JOURNAL = {Arch. Math. (Basel)},
  FJOURNAL = {Archiv der Mathematik},
    VOLUME = {55},
      YEAR = {1990},
    NUMBER = {3},
     PAGES = {209--217},
      ISSN = {0003-889X},
   MRCLASS = {20D06 (20D08)},
  MRNUMBER = {1075043},
MRREVIEWER = {P. Fong},
       DOI = {10.1007/BF01191159},
       URL = {https://doi.org/10.1007/BF01191159},
}
@article {AschbacherSmith,
    AUTHOR = {Aschbacher, Michael and Smith, Stephen D.},
     TITLE = {On {Q}uillen's conjecture for the {$p$}-groups complex},
   JOURNAL = {Ann. of Math. (2)},
  FJOURNAL = {Annals of Mathematics. Second Series},
    VOLUME = {137},
      YEAR = {1993},
    NUMBER = {3},
     PAGES = {473--529},
      ISSN = {0003-486X},
   MRCLASS = {20J99 (20D30 20E15)},
  MRNUMBER = {1217346},
MRREVIEWER = {Ronald Solomon},
       DOI = {10.2307/2946530},
       URL = {https://doi.org/10.2307/2946530},
}


@article {AschbacherSegev,
    AUTHOR = {Aschbacher, Michael and Segev, Yoav},
     TITLE = {A fixed point theorem for groups acting on finite
              {$2$}-dimensional acyclic simplicial complexes},
   JOURNAL = {Proc. London Math. Soc. (3)},
  FJOURNAL = {Proceedings of the London Mathematical Society. Third Series},
    VOLUME = {67},
      YEAR = {1993},
    NUMBER = {2},
     PAGES = {329--354},
      ISSN = {0024-6115},
   MRCLASS = {55M20 (20F38)},
  MRNUMBER = {1226605},
MRREVIEWER = {Marek Golasi\'{n}ski},
       DOI = {10.1112/plms/s3-67.2.329},
       URL = {https://doi.org/10.1112/plms/s3-67.2.329},
}

@article {Brown,
    AUTHOR = {Brown, Kenneth S.},
     TITLE = {Euler characteristics of groups: the {$p$}-fractional part},
   JOURNAL = {Invent. Math.},
  FJOURNAL = {Inventiones Mathematicae},
    VOLUME = {29},
      YEAR = {1975},
    NUMBER = {1},
     PAGES = {1--5},
      ISSN = {0020-9910},
   MRCLASS = {22E40 (12A70 20G10)},
  MRNUMBER = {0385008},
MRREVIEWER = {H. Bass},
       DOI = {10.1007/BF01405170},
       URL = {https://doi.org/10.1007/BF01405170},
}
@article {CD,
    AUTHOR = {Casacuberta, Carles and Dicks, Warren},
     TITLE = {On finite groups acting on acyclic complexes of dimension two},
   JOURNAL = {Publ. Mat.},
  FJOURNAL = {Publicacions Matem\`atiques},
    VOLUME = {36},
      YEAR = {1992},
    NUMBER = {2A},
     PAGES = {463--466 (1993)},
      ISSN = {0214-1493},
   MRCLASS = {55M35 (20F32 57S17)},
  MRNUMBER = {1209816},
MRREVIEWER = {M. J. Dunwoody},
       DOI = {10.5565/PUBLMAT_362A92_10},
       URL = {https://doi.org/10.5565/PUBLMAT_362A92_10},
}

@article {OS,
    AUTHOR = {Oliver, Bob and Segev, Yoav},
     TITLE = {Fixed point free actions on {$\bf Z$}-acyclic 2-complexes},
   JOURNAL = {Acta Math.},
  FJOURNAL = {Acta Mathematica},
    VOLUME = {189},
      YEAR = {2002},
    NUMBER = {2},
     PAGES = {203--285},
      ISSN = {0001-5962},
   MRCLASS = {55M35 (20B25 20F65 57M20 57M60 57S17)},
  MRNUMBER = {1961198},
MRREVIEWER = {Bruno P. Zimmermann},
       DOI = {10.1007/BF02392843},
       URL = {https://doi.org/10.1007/BF02392843},
}


@article {Q,
    AUTHOR = {Quillen, Daniel},
     TITLE = {Homotopy properties of the poset of nontrivial {$p$}-subgroups
              of a group},
   JOURNAL = {Adv. in Math.},
  FJOURNAL = {Advances in Mathematics},
    VOLUME = {28},
      YEAR = {1978},
    NUMBER = {2},
     PAGES = {101--128},
      ISSN = {0001-8708},
   MRCLASS = {20J99},
  MRNUMBER = {493916},
MRREVIEWER = {Kenneth S. Brown},
       DOI = {10.1016/0001-8708(78)90058-0},
       URL = {https://doi.org/10.1016/0001-8708(78)90058-0},
}

@book {S,
    AUTHOR = {Smith, Stephen D.},
     TITLE = {Subgroup complexes},
    SERIES = {Mathematical Surveys and Monographs},
    VOLUME = {179},
 PUBLISHER = {American Mathematical Society, Providence, RI},
      YEAR = {2011},
     PAGES = {xii+364},
      ISBN = {978-0-8218-0501-5},
   MRCLASS = {20D05 (20E42 55N91 55U10)},
  MRNUMBER = {2850680},
MRREVIEWER = {J. P. C. Greenlees},
       DOI = {10.1090/surv/179},
       URL = {https://doi.org/10.1090/surv/179},
}